@misc{RN112,
   month = {2020-01-28 to 2020-04-16},
   url = {https://www.kaggle.com/S\%C3\%ADrio-Libanes/covid19},
   year = {2020},
   type = {Dataset}
}

@misc{RN138,
   url = {https://labtestsonline.org.uk/tests/c-reactive-protein},
   year = {2020},
   type = {Web Page}
}

@misc{RN137,
   month = {25-10-2020},
   url = {https://labtestsonline.org.uk/tests/full-blood-count-fbc},
   year = {2020},
   type = {Web Page}
}

@misc{RN139,
   number = {25.10.2020},
   url = {https://labtestsonline.org.uk/tests/ggt-test},
   year = {2020},
   type = {Web Page}
}

@misc{RN145,
   number = {09.11.2020},
   url = {https://statisticalhorizons.com/predictive-mean-matching},
   year = {2020},
   type = {Web Page}
}

@article{RN66,
   author = {A, Abbasian Ardakani and UR, Acharya and S, Habibollahi and A, Mohammadi},
   title = {COVIDiag: a clinical CAD system to diagnose COVID-19 pneumonia based on CT findings},
   journal = {European radiology},
   ISSN = {1432-1084},
   DOI = {10.1007/s00330-020-07087-y},
   url = {https://www.ncbi.nlm.nih.gov/pubmed/32740817,https://www.ncbi.nlm.nih.gov/pmc/articles/PMC7395802/pdf/330_2020_Article_7087.pdf},
   year = {2020},
   type = {Journal Article}
}

@article{RN70,
   author = {A, Duca and S, Piva and E, Focà and N, Latronico and M, Rizzi},
   title = {Calculated Decisions: Brescia-COVID Respiratory Severity Scale (BCRSS)/Algorithm},
   journal = {Emergency medicine practice},
   volume = {22},
   number = {5 Suppl},
   ISSN = {1559-3908},
   url = {https://www.ncbi.nlm.nih.gov/pubmed/32297727},
   year = {2020},
   type = {Journal Article}
}

@article{RN111,
   author = {Abdulaal, A. and Patel, A. and Charani, E. and Denny, S. and Mughal, N. and Moore, L.},
   title = {Prognostic Modeling of COVID-19 Using Artificial Intelligence in the United Kingdom: Model Development and Validation},
   journal = {J Med Internet Res},
   volume = {22},
   number = {8},
   pages = {e20259},
   ISSN = {1438-8871 (Electronic)
1438-8871 (Linking)},
   DOI = {10.2196/20259},
   url = {https://www.ncbi.nlm.nih.gov/pubmed/32735549},
   year = {2020},
   type = {Journal Article}
}

@article{RN147,
   author = {Alemzadeh, S. and Niemann, U. and Ittermann, T. and Völzke, H. and Schneider, D. and Spiliopoulou, M. and Bühler, K. and Preim, B.},
   title = {Visual Analysis of Missing Values in Longitudinal Cohort Study Data},
   journal = {Computer Graphics Forum},
   volume = {39},
   number = {1},
   pages = {63-75},
   ISSN = {0167-7055
1467-8659},
   DOI = {10.1111/cgf.13662},
   url = {https://onlinelibrary.wiley.com/doi/pdfdirect/10.1111/cgf.13662?download=true},
   year = {2019},
   type = {Journal Article}
}

@article{RN99,
   author = {Alimadadi, A. and Aryal, S. and Manandhar, I. and Munroe, P. B. and Joe, B. and Cheng, X.},
   title = {Artificial intelligence and machine learning to fight COVID-19},
   journal = {Physiol Genomics},
   volume = {52},
   number = {4},
   pages = {200-202},
   ISSN = {1531-2267 (Electronic)
1094-8341 (Linking)},
   DOI = {10.1152/physiolgenomics.00029.2020},
   url = {https://www.ncbi.nlm.nih.gov/pubmed/32216577,https://journals.physiology.org/doi/pdf/10.1152/physiolgenomics.00029.2020},
   year = {2020},
   type = {Journal Article}
}

@article{RN57,
   author = {Allam, M. and Cai, S. and Ganesh, S. and Venkatesan, M. and Doodhwala, S. and Song, Z. and Hu, T. and Kumar, A. and Heit, J. and Study Group, C. and Coskun, A. F.},
   title = {COVID-19 Diagnostics, Tools, and Prevention},
   journal = {Diagnostics (Basel)},
   volume = {10},
   number = {6},
   ISSN = {2075-4418 (Print)
2075-4418 (Linking)},
   DOI = {10.3390/diagnostics10060409},
   url = {https://www.ncbi.nlm.nih.gov/pubmed/32560091,https://res.mdpi.com/d_attachment/diagnostics/diagnostics-10-00409/article_deploy/diagnostics-10-00409-v2.pdf},
   year = {2020},
   type = {Journal Article}
}

@article{RN121,
   author = {Almuhaideb, Sarab and Menai, Mohamed El Bachir},
   title = {Impact of preprocessing on medical data classification},
   journal = {Frontiers of Computer Science},
   volume = {10},
   number = {6},
   pages = {1082-1102},
   ISSN = {2095-2228
2095-2236},
   DOI = {10.1007/s11704-016-5203-5},
   url = {https://link.springer.com/content/pdf/10.1007/s11704-016-5203-5.pdf},
   year = {2016},
   type = {Journal Article}
}

@article{RN91,
   author = {Ardakani, A. A. and Kanafi, A. R. and Acharya, U. R. and Khadem, N. and Mohammadi, A.},
   title = {Application of deep learning technique to manage COVID-19 in routine clinical practice using CT images: Results of 10 convolutional neural networks},
   journal = {Comput Biol Med},
   volume = {121},
   pages = {103795},
   ISSN = {1879-0534 (Electronic)
0010-4825 (Linking)},
   DOI = {10.1016/j.compbiomed.2020.103795},
   url = {https://www.ncbi.nlm.nih.gov/pubmed/32568676,https://www.ncbi.nlm.nih.gov/pmc/articles/PMC7190523/pdf/main.pdf},
   year = {2020},
   type = {Journal Article}
}

@article{RN109,
   author = {Assaf, D. and Gutman, Y. and Neuman, Y. and Segal, G. and Amit, S. and Gefen-Halevi, S. and Shilo, N. and Epstein, A. and Mor-Cohen, R. and Biber, A. and Rahav, G. and Levy, I. and Tirosh, A.},
   title = {Utilization of machine-learning models to accurately predict the risk for critical COVID-19},
   journal = {Intern Emerg Med},
   ISSN = {1970-9366 (Electronic)
1828-0447 (Linking)},
   DOI = {10.1007/s11739-020-02475-0},
   url = {https://www.ncbi.nlm.nih.gov/pubmed/32812204,https://www.ncbi.nlm.nih.gov/pmc/articles/PMC7433773/pdf/11739_2020_Article_2475.pdf},
   year = {2020},
   type = {Journal Article}
}

@article{RN141,
   author = {Azur, M. J. and Stuart, E. A. and Frangakis, C. and Leaf, P. J.},
   title = {Multiple imputation by chained equations: what is it and how does it work?},
   journal = {Int J Methods Psychiatr Res},
   volume = {20},
   number = {1},
   pages = {40-9},
   ISSN = {1557-0657 (Electronic)
1049-8931 (Linking)},
   DOI = {10.1002/mpr.329},
   url = {https://www.ncbi.nlm.nih.gov/pubmed/21499542,https://www.ncbi.nlm.nih.gov/pmc/articles/PMC3074241/pdf/MPR-20-40.pdf},
   year = {2011},
   type = {Journal Article}
}

@article{RN80,
   author = {Bai, H. X. and Wang, R. and Xiong, Z. and Hsieh, B. and Chang, K. and Halsey, K. and Tran, T. M. L. and Choi, J. W. and Wang, D. C. and Shi, L. B. and Mei, J. and Jiang, X. L. and Pan, I. and Zeng, Q. H. and Hu, P. F. and Li, Y. H. and Fu, F. X. and Huang, R. Y. and Sebro, R. and Yu, Q. Z. and Atalay, M. K. and Liao, W. H.},
   title = {Artificial Intelligence Augmentation of Radiologist Performance in Distinguishing COVID-19 from Pneumonia of Other Origin at Chest CT},
   journal = {Radiology},
   volume = {296},
   number = {3},
   pages = {E156-E165},
   ISSN = {1527-1315 (Electronic)
0033-8419 (Linking)},
   DOI = {10.1148/radiol.2020201491},
   url = {https://www.ncbi.nlm.nih.gov/pubmed/32339081,https://www.ncbi.nlm.nih.gov/pmc/articles/PMC7233483/pdf/radiol.2020201491.pdf},
   year = {2020},
   type = {Journal Article}
}

@article{RN82,
   author = {Bansal, A. and Padappayil, R. P. and Garg, C. and Singal, A. and Gupta, M. and Klein, A.},
   title = {Utility of Artificial Intelligence Amidst the COVID 19 Pandemic: A Review},
   journal = {J Med Syst},
   volume = {44},
   number = {9},
   pages = {156},
   ISSN = {1573-689X (Electronic)
0148-5598 (Linking)},
   DOI = {10.1007/s10916-020-01617-3},
   url = {https://www.ncbi.nlm.nih.gov/pubmed/32740678,https://www.ncbi.nlm.nih.gov/pmc/articles/PMC7395799/pdf/10916_2020_Article_1617.pdf},
   year = {2020},
   type = {Journal Article}
}

@article{RN96,
   author = {Belfiore, M. P. and Urraro, F. and Grassi, R. and Giacobbe, G. and Patelli, G. and Cappabianca, S. and Reginelli, A.},
   title = {Artificial intelligence to codify lung CT in Covid-19 patients},
   journal = {Radiol Med},
   volume = {125},
   number = {5},
   pages = {500-504},
   ISSN = {1826-6983 (Electronic)
0033-8362 (Linking)},
   DOI = {10.1007/s11547-020-01195-x},
   url = {https://www.ncbi.nlm.nih.gov/pubmed/32367319,https://www.ncbi.nlm.nih.gov/pmc/articles/PMC7197034/pdf/11547_2020_Article_1195.pdf},
   year = {2020},
   type = {Journal Article}
}

@article{RN127,
   author = {Brinati, D. and Campagner, A. and Ferrari, D. and Locatelli, M. and Banfi, G. and Cabitza, F.},
   title = {Detection of COVID-19 Infection from Routine Blood Exams with Machine Learning: A Feasibility Study},
   journal = {J Med Syst},
   volume = {44},
   number = {8},
   pages = {135},
   ISSN = {1573-689X (Electronic)
0148-5598 (Linking)},
   DOI = {10.1007/s10916-020-01597-4},
   url = {https://www.ncbi.nlm.nih.gov/pubmed/32607737,https://www.ncbi.nlm.nih.gov/pmc/articles/PMC7326624/pdf/10916_2020_Article_1597.pdf,https://zenodo.org/record/3886927#.X3xhPO1CRPY},
   year = {2020},
   type = {Journal Article}
}

@article{RN140,
   author = {Buck, S. F.},
   title = {A Method of Estimation of Missing Values in Multivariate Data Suitable for use with an Electronic Computer},
   journal = {Journal of the Royal Statistical Society. Series B (Methodological)},
   volume = {22},
   number = {2},
   pages = {302-306},
   ISSN = {00359246},
   url = {http://www.jstor.org/stable/2984099},
   year = {1960},
   type = {Journal Article}
}

@book{RN144,
   author = {Buuren, Stef van},
   title = {Flexible Imputation of Missing Data, Second Edition},
   publisher = {CRC Press},
   address = {Boca Raton, Fla},
   edition = {2},
   ISBN = {978-0-429-96034-5},
   url = {https://stefvanbuuren.name/fimd/},
   year = {2018},
   type = {Book}
}

@article{RN135,
   author = {Buuren, Stef van and Groothuis-Oudshoorn, Karin},
   title = {mice: Multivariate Imputation by Chained Equations in R},
   journal = {Journal of Statistical Software},
   volume = {45},
   number = {3},
   ISSN = {1548-7660},
   DOI = {10.18637/jss.v045.i03},
   year = {2011},
   type = {Journal Article}
}

@article{RN136,
   author = {Campagner, Andrea and Cabitza, Federico and Ciucci, Davide},
   title = {The three-way-in and three-way-out framework to treat and exploit ambiguity in data},
   journal = {International Journal of Approximate Reasoning},
   volume = {119},
   pages = {292-312},
   ISSN = {0888613X},
   DOI = {10.1016/j.ijar.2020.01.010},
   url = {https://www.sciencedirect.com/science/article/abs/pii/S0888613X19304189?via\%3Dihub},
   year = {2020},
   type = {Journal Article}
}

@article{RN128,
   author = {Cheng, F. Y. and Joshi, H. and Tandon, P. and Freeman, R. and Reich, D. L. and Mazumdar, M. and Kohli-Seth, R. and Levin, M. and Timsina, P. and Kia, A.},
   title = {Using Machine Learning to Predict ICU Transfer in Hospitalized COVID-19 Patients},
   journal = {J Clin Med},
   volume = {9},
   number = {6},
   ISSN = {2077-0383 (Print)
2077-0383 (Linking)},
   DOI = {10.3390/jcm9061668},
   url = {https://www.ncbi.nlm.nih.gov/pubmed/32492874,https://res.mdpi.com/d_attachment/jcm/jcm-09-01668/article_deploy/jcm-09-01668-v2.pdf},
   year = {2020},
   type = {Journal Article}
}

@article{RN101,
   author = {Chowdhury, Muhammad E. H. and Rahman, Tawsifur and Khandakar, Amith and Mazhar, Rashid and Kadir, Muhammad Abdul and Mahbub, Zaid Bin and Islam, Khandakar Reajul and Khan, Muhammad Salman and Iqbal, Atif and Emadi, Nasser Al and Reaz, Mamun Bin Ibne and Islam, Mohammad Tariqul},
   title = {Can AI Help in Screening Viral and COVID-19 Pneumonia?},
   journal = {IEEE Access},
   volume = {8},
   pages = {132665-132676},
   ISSN = {2169-3536},
   DOI = {10.1109/access.2020.3010287},
   url = {https://ieeexplore.ieee.org/ielx7/6287639/8948470/09144185.pdf?tp=&arnumber=9144185&isnumber=8948470&ref=},
   year = {2020},
   type = {Journal Article}
}

@article{RN86,
   author = {Ciotti, M. and Ciccozzi, M. and Terrinoni, A. and Jiang, W. C. and Wang, C. B. and Bernardini, S.},
   title = {The COVID-19 pandemic},
   journal = {Crit Rev Clin Lab Sci},
   volume = {57},
   number = {6},
   pages = {365-388},
   ISSN = {1549-781X (Electronic)
1040-8363 (Linking)},
   DOI = {10.1080/10408363.2020.1783198},
   url = {https://www.ncbi.nlm.nih.gov/pubmed/32645276,https://www.tandfonline.com/doi/pdf/10.1080/10408363.2020.1783198?needAccess=true},
   year = {2020},
   type = {Journal Article}
}

@article{RN87,
   author = {Civit-Masot, Javier and Luna-Perejón, Francisco and Domínguez Morales, Manuel and Civit, Anton},
   title = {Deep Learning System for COVID-19 Diagnosis Aid Using X-ray Pulmonary Images},
   journal = {Applied Sciences},
   volume = {10},
   number = {13},
   ISSN = {2076-3417},
   DOI = {10.3390/app10134640},
   url = {https://res.mdpi.com/d_attachment/applsci/applsci-10-04640/article_deploy/applsci-10-04640.pdf},
   year = {2020},
   type = {Journal Article}
}

@article{RN53,
   author = {Cohen, Joseph Paul and Dao, Lan and Roth, Karsten and Morrison, Paul and Bengio, Yoshua and Abbasi, Almas F. and Shen, Beiyi and Mahsa, Hoshmand Kochi and Ghassemi, Marzyeh and Li, Haifang and Duong, Tim},
   title = {Predicting COVID-19 Pneumonia Severity on Chest X-ray With Deep Learning},
   journal = {Cureus},
   ISSN = {2168-8184},
   DOI = {10.7759/cureus.9448},
   url = {https://assets.cureus.com/uploads/original_article/pdf/35692/1596821774-20200807-30868-6aw2is.pdf},
   year = {2020},
   type = {Journal Article}
}

@article{RN94,
   author = {Dananjayan, S. and Raj, G. M.},
   title = {Artificial Intelligence during a pandemic: The COVID-19 example},
   journal = {Int J Health Plann Manage},
   ISSN = {1099-1751 (Electronic)
0749-6753 (Linking)},
   DOI = {10.1002/hpm.2987},
   url = {https://www.ncbi.nlm.nih.gov/pubmed/32430976,https://www.ncbi.nlm.nih.gov/pmc/articles/PMC7276785/pdf/HPM-9999-na.pdf},
   year = {2020},
   type = {Journal Article}
}

@article{RN116,
   author = {Duangchaemkarn, K. and Chaovatut, V. and Wiwatanadate, P. and Boonchieng, E.},
   title = {Symptom-based data preprocessing for the detection of disease outbreak},
   journal = {Conf Proc IEEE Eng Med Biol Soc},
   volume = {2017},
   pages = {2614-2617},
   ISSN = {1557-170X (Print)
1557-170X (Linking)},
   DOI = {10.1109/EMBC.2017.8037393},
   url = {https://www.ncbi.nlm.nih.gov/pubmed/29060435,https://ieeexplore.ieee.org/document/8037393/},
   year = {2017},
   type = {Journal Article}
}

@article{RN118,
   author = {Elixhauser, A. and Steiner, C. and Harris, D. R. and Coffey, R. M.},
   title = {Comorbidity measures for use with administrative data},
   journal = {Med Care},
   volume = {36},
   number = {1},
   pages = {8-27},
   ISSN = {0025-7079 (Print)
0025-7079 (Linking)},
   DOI = {10.1097/00005650-199801000-00004},
   url = {https://www.ncbi.nlm.nih.gov/pubmed/9431328},
   year = {1998},
   type = {Journal Article}
}

@article{RN90,
   author = {Emile, S. H. and Hamid, H. K. S.},
   title = {Fighting COVID-19, a place for artificial intelligence},
   journal = {Transbound Emerg Dis},
   ISSN = {1865-1682 (Electronic)
1865-1674 (Linking)},
   DOI = {10.1111/tbed.13648},
   url = {https://www.ncbi.nlm.nih.gov/pubmed/32460383,https://www.ncbi.nlm.nih.gov/pmc/articles/PMC7283654/pdf/TBED-9999-na.pdf},
   year = {2020},
   type = {Journal Article}
}

@article{RN129,
   author = {Fan, B. E. and Chong, V. C. L. and Chan, S. S. W. and Lim, G. H. and Lim, K. G. E. and Tan, G. B. and Mucheli, S. S. and Kuperan, P. and Ong, K. H.},
   title = {Hematologic parameters in patients with COVID-19 infection},
   journal = {Am J Hematol},
   volume = {95},
   number = {6},
   pages = {E131-E134},
   ISSN = {1096-8652 (Electronic)
0361-8609 (Linking)},
   DOI = {10.1002/ajh.25774},
   url = {https://www.ncbi.nlm.nih.gov/pubmed/32129508,https://onlinelibrary.wiley.com/doi/pdfdirect/10.1002/ajh.25774?download=true},
   year = {2020},
   type = {Journal Article}
}

@article{RN61,
   author = {Fitzpatrick, F. and Doherty, A. and Lacey, G.},
   title = {Using Artificial Intelligence in Infection Prevention},
   journal = {Curr Treat Options Infect Dis},
   pages = {1-10},
   ISSN = {1523-3820 (Print)
1523-3820 (Linking)},
   DOI = {10.1007/s40506-020-00216-7},
   url = {https://www.ncbi.nlm.nih.gov/pubmed/32218708,https://www.ncbi.nlm.nih.gov/pmc/articles/PMC7095094/pdf/40506_2020_Article_216.pdf},
   year = {2020},
   type = {Journal Article}
}

@article{RN60,
   author = {Harris, M. and Qi, A. and Jeagal, L. and Torabi, N. and Menzies, D. and Korobitsyn, A. and Pai, M. and Nathavitharana, R. R. and Ahmad Khan, F.},
   title = {A systematic review of the diagnostic accuracy of artificial intelligence-based computer programs to analyze chest x-rays for pulmonary tuberculosis},
   journal = {PLoS One},
   volume = {14},
   number = {9},
   pages = {e0221339},
   ISSN = {1932-6203 (Electronic)
1932-6203 (Linking)},
   DOI = {10.1371/journal.pone.0221339},
   url = {https://www.ncbi.nlm.nih.gov/pubmed/31479448,https://www.ncbi.nlm.nih.gov/pmc/articles/PMC6719854/pdf/pone.0221339.pdf},
   year = {2019},
   type = {Journal Article}
}

@article{RN113,
   author = {Hassler, A. P. and Menasalvas, E. and Garcia-Garcia, F. J. and Rodriguez-Manas, L. and Holzinger, A.},
   title = {Importance of medical data preprocessing in predictive modeling and risk factor discovery for the frailty syndrome},
   journal = {BMC Med Inform Decis Mak},
   volume = {19},
   number = {1},
   pages = {33},
   ISSN = {1472-6947 (Electronic)
1472-6947 (Linking)},
   DOI = {10.1186/s12911-019-0747-6},
   url = {https://www.ncbi.nlm.nih.gov/pubmed/30777059,https://www.ncbi.nlm.nih.gov/pmc/articles/PMC6483150/pdf/12911_2019_Article_747.pdf},
   year = {2019},
   type = {Journal Article}
}

@article{RN62,
   author = {Hernandez, B. and Herrero, P. and Rawson, T. M. and Moore, L. S. P. and Evans, B. and Toumazou, C. and Holmes, A. H. and Georgiou, P.},
   title = {Supervised learning for infection risk inference using pathology data},
   journal = {BMC Med Inform Decis Mak},
   volume = {17},
   number = {1},
   pages = {168},
   ISSN = {1472-6947 (Electronic)
1472-6947 (Linking)},
   DOI = {10.1186/s12911-017-0550-1},
   url = {https://www.ncbi.nlm.nih.gov/pubmed/29216923,https://spiral.imperial.ac.uk:8443/bitstream/10044/1/53738/9/s12911-017-0550-1.pdf},
   year = {2017},
   type = {Journal Article}
}

@article{RN114,
   author = {Hu, Y. H. and Lin, W. C. and Tsai, C. F. and Ke, S. W. and Chen, C. W.},
   title = {An efficient data preprocessing approach for large scale medical data mining},
   journal = {Technol Health Care},
   volume = {23},
   number = {2},
   pages = {153-60},
   ISSN = {1878-7401 (Electronic)
0928-7329 (Linking)},
   DOI = {10.3233/THC-140887},
   url = {https://www.ncbi.nlm.nih.gov/pubmed/25515050,https://content.iospress.com/articles/technology-and-health-care/thc00887},
   year = {2015},
   type = {Journal Article}
}

@article{RN122,
   author = {Huang, Min-Wei and Lin, Wei-Chao and Chen, Chih-Wen and Ke, Shih-Wen and Tsai, Chih-Fong and Eberle, William},
   title = {Data preprocessing issues for incomplete medical datasets},
   journal = {Expert Systems},
   volume = {33},
   number = {5},
   pages = {432-438},
   ISSN = {02664720},
   DOI = {10.1111/exsy.12155},
   url = {https://onlinelibrary.wiley.com/doi/pdfdirect/10.1111/exsy.12155?download=true},
   year = {2016},
   type = {Journal Article}
}

@article{RN102,
   author = {Hussain, Adedoyin Ahmed and Bouachir, Ouns and Al-Turjman, Fadi and Aloqaily, Moayad},
   title = {AI Techniques for COVID-19},
   journal = {IEEE Access},
   volume = {8},
   pages = {128776-128795},
   ISSN = {2169-3536},
   DOI = {10.1109/access.2020.3007939},
   url = {https://ieeexplore.ieee.org/ielx7/6287639/8948470/09136710.pdf?tp=&arnumber=9136710&isnumber=8948470&ref=},
   year = {2020},
   type = {Journal Article}
}

@article{RN119,
   author = {Idri, A. and Benhar, H. and Fernandez-Aleman, J. L. and Kadi, I.},
   title = {A systematic map of medical data preprocessing in knowledge discovery},
   journal = {Comput Methods Programs Biomed},
   volume = {162},
   pages = {69-85},
   ISSN = {1872-7565 (Electronic)
0169-2607 (Linking)},
   DOI = {10.1016/j.cmpb.2018.05.007},
   url = {https://www.ncbi.nlm.nih.gov/pubmed/29903496,https://www.sciencedirect.com/science/article/abs/pii/S0169260717313706?via\%3Dihub},
   year = {2018},
   type = {Journal Article}
}

@article{RN76,
   author = {Iwendi, C. and Bashir, A. K. and Peshkar, A. and Sujatha, R. and Chatterjee, J. M. and Pasupuleti, S. and Mishra, R. and Pillai, S. and Jo, O.},
   title = {COVID-19 Patient Health Prediction Using Boosted Random Forest Algorithm},
   journal = {Front Public Health},
   volume = {8},
   pages = {357},
   ISSN = {2296-2565 (Print)
2296-2565 (Linking)},
   DOI = {10.3389/fpubh.2020.00357},
   url = {https://www.ncbi.nlm.nih.gov/pubmed/32719767,https://www.ncbi.nlm.nih.gov/pmc/articles/PMC7350612/pdf/fpubh-08-00357.pdf},
   year = {2020},
   type = {Journal Article}
}

@article{RN89,
   author = {Jakhar, D. and Kaur, I.},
   title = {Current applications of artificial intelligence for COVID-19},
   journal = {Dermatol Ther},
   pages = {e13654},
   ISSN = {1529-8019 (Electronic)
1396-0296 (Linking)},
   DOI = {10.1111/dth.13654},
   url = {https://www.ncbi.nlm.nih.gov/pubmed/32445213,https://www.ncbi.nlm.nih.gov/pmc/articles/PMC7267049/pdf/DTH-9999-e13654.pdf},
   year = {2020},
   type = {Journal Article}
}

@article{RN88,
   author = {Jalaber, C. and Lapotre, T. and Morcet-Delattre, T. and Ribet, F. and Jouneau, S. and Lederlin, M.},
   title = {Chest CT in COVID-19 pneumonia: A review of current knowledge},
   journal = {Diagn Interv Imaging},
   volume = {101},
   number = {7-8},
   pages = {431-437},
   ISSN = {2211-5684 (Electronic)
2211-5684 (Linking)},
   DOI = {10.1016/j.diii.2020.06.001},
   url = {https://www.ncbi.nlm.nih.gov/pubmed/32571748,https://www.ncbi.nlm.nih.gov/pmc/articles/PMC7287482/pdf/main.pdf},
   year = {2020},
   type = {Journal Article}
}

@article{RN103,
   author = {Jamshidi, Mohammad Behdad and Lalbakhsh, Ali and Talla, Jakub and Peroutka, Zdenek and Hadjilooei, Farimah and Lalbakhsh, Pedram and Jamshidi, Morteza and Spada, Luigi La and Mirmozafari, Mirhamed and Dehghani, Mojgan and Sabet, Asal and Roshani, Saeed and Roshani, Sobhan and Bayat-Makou, Nima and Mohamadzade, Bahare and Malek, Zahra and Jamshidi, Alireza and Kiani, Sarah and Hashemi-Dezaki, Hamed and Mohyuddin, Wahab},
   title = {Artificial Intelligence and COVID-19: Deep Learning Approaches for Diagnosis and Treatment},
   journal = {IEEE Access},
   volume = {8},
   pages = {109581-109595},
   ISSN = {2169-3536},
   DOI = {10.1109/access.2020.3001973},
   url = {https://ieeexplore.ieee.org/ielx7/6287639/8948470/09115663.pdf?tp=&arnumber=9115663&isnumber=8948470&ref=},
   year = {2020},
   type = {Journal Article}
}

@article{RN78,
   author = {Khanday, Amud and Rabani, S. T. and Khan, Q. R. and Rouf, N. and Mohi Ud Din, M.},
   title = {Machine learning based approaches for detecting COVID-19 using clinical text data},
   journal = {Int J Inf Technol},
   pages = {1-9},
   ISSN = {2511-2112 (Electronic)},
   DOI = {10.1007/s41870-020-00495-9},
   url = {https://www.ncbi.nlm.nih.gov/pubmed/32838125,https://www.ncbi.nlm.nih.gov/pmc/articles/PMC7325639/pdf/41870_2020_Article_495.pdf},
   year = {2020},
   type = {Journal Article}
}

@article{RN69,
   author = {KN, Kaiafas},
   title = {Clinical Decision Support Tools and the COVID-19 Pandemic},
   journal = {Journal of Christian nursing : a quarterly publication of Nurses Christian Fellowship},
   volume = {37},
   number = {3},
   ISSN = {0743-2550},
   DOI = {10.1097/CNJ.0000000000000737},
   url = {https://www.ncbi.nlm.nih.gov/pubmed/32516262,https://journals.viamedica.pl/folia_morphologica/article/download/FM.2013.0051/26225},
   year = {2020},
   type = {Journal Article}
}

@article{RN84,
   author = {Li, L. and Qin, L. and Xu, Z. and Yin, Y. and Wang, X. and Kong, B. and Bai, J. and Lu, Y. and Fang, Z. and Song, Q. and Cao, K. and Liu, D. and Wang, G. and Xu, Q. and Fang, X. and Zhang, S. and Xia, J. and Xia, J.},
   title = {Using Artificial Intelligence to Detect COVID-19 and Community-acquired Pneumonia Based on Pulmonary CT: Evaluation of the Diagnostic Accuracy},
   journal = {Radiology},
   volume = {296},
   number = {2},
   pages = {E65-E71},
   ISSN = {1527-1315 (Electronic)
0033-8419 (Linking)},
   DOI = {10.1148/radiol.2020200905},
   url = {https://www.ncbi.nlm.nih.gov/pubmed/32191588,https://www.ncbi.nlm.nih.gov/pmc/articles/PMC7233473/pdf/radiol.2020200905.pdf},
   year = {2020},
   type = {Journal Article}
}

@article{RN59,
   author = {Li, M. and Lei, P. and Zeng, B. and Li, Z. and Yu, P. and Fan, B. and Wang, C. and Li, Z. and Zhou, J. and Hu, S. and Liu, H.},
   title = {Coronavirus Disease (COVID-19): Spectrum of CT Findings and Temporal Progression of the Disease},
   journal = {Acad Radiol},
   volume = {27},
   number = {5},
   pages = {603-608},
   ISSN = {1878-4046 (Electronic)
1076-6332 (Linking)},
   DOI = {10.1016/j.acra.2020.03.003},
   url = {https://www.ncbi.nlm.nih.gov/pubmed/32204987,https://www.ncbi.nlm.nih.gov/pmc/articles/PMC7156150/pdf/main.pdf},
   year = {2020},
   type = {Journal Article}
}

@article{RN106,
   author = {Liang, W. and Yao, J. and Chen, A. and Lv, Q. and Zanin, M. and Liu, J. and Wong, S. and Li, Y. and Lu, J. and Liang, H. and Chen, G. and Guo, H. and Guo, J. and Zhou, R. and Ou, L. and Zhou, N. and Chen, H. and Yang, F. and Han, X. and Huan, W. and Tang, W. and Guan, W. and Chen, Z. and Zhao, Y. and Sang, L. and Xu, Y. and Wang, W. and Li, S. and Lu, L. and Zhang, N. and Zhong, N. and Huang, J. and He, J.},
   title = {Early triage of critically ill COVID-19 patients using deep learning},
   journal = {Nat Commun},
   volume = {11},
   number = {1},
   pages = {3543},
   ISSN = {2041-1723 (Electronic)
2041-1723 (Linking)},
   DOI = {10.1038/s41467-020-17280-8},
   url = {https://www.ncbi.nlm.nih.gov/pubmed/32669540,https://www.ncbi.nlm.nih.gov/pmc/articles/PMC7363899/pdf/41467_2020_Article_17280.pdf},
   year = {2020},
   type = {Journal Article}
}

@article{RN65,
   author = {Liu, Y. and Wang, Z. and Ren, J. and Tian, Y. and Zhou, M. and Zhou, T. and Ye, K. and Zhao, Y. and Qiu, Y. and Li, J.},
   title = {A COVID-19 Risk Assessment Decision Support System for General Practitioners: Design and Development Study},
   journal = {J Med Internet Res},
   volume = {22},
   number = {6},
   pages = {e19786},
   ISSN = {1438-8871 (Electronic)
1438-8871 (Linking)},
   DOI = {10.2196/19786},
   url = {https://www.ncbi.nlm.nih.gov/pubmed/32540845},
   year = {2020},
   type = {Journal Article}
}

@article{RN110,
   author = {Ma, X. and Ng, M. and Xu, S. and Xu, Z. and Qiu, H. and Liu, Y. and Lyu, J. and You, J. and Zhao, P. and Wang, S. and Tang, Y. and Cui, H. and Yu, C. and Wang, F. and Shao, F. and Sun, P. and Tang, Z.},
   title = {Development and validation of prognosis model of mortality risk in patients with COVID-19},
   journal = {Epidemiol Infect},
   volume = {148},
   pages = {e168},
   ISSN = {1469-4409 (Electronic)
0950-2688 (Linking)},
   DOI = {10.1017/S0950268820001727},
   url = {https://www.ncbi.nlm.nih.gov/pubmed/32746957,https://www.cambridge.org/core/services/aop-cambridge-core/content/view/9A3B09B53AF543DDF0BC8F1348EFF07C/S0950268820001727a.pdf/div-class-title-development-and-validation-of-prognosis-model-of-mortality-risk-in-patients-with-covid-19-div.pdf},
   year = {2020},
   type = {Journal Article}
}

@article{RN64,
   author = {McRae, M. P. and Simmons, G. W. and Christodoulides, N. J. and Lu, Z. and Kang, S. K. and Fenyo, D. and Alcorn, T. and Dapkins, I. P. and Sharif, I. and Vurmaz, D. and Modak, S. S. and Srinivasan, K. and Warhadpande, S. and Shrivastav, R. and McDevitt, J. T.},
   title = {Clinical decision support tool and rapid point-of-care platform for determining disease severity in patients with COVID-19},
   journal = {Lab Chip},
   volume = {20},
   number = {12},
   pages = {2075-2085},
   ISSN = {1473-0189 (Electronic)
1473-0189 (Linking)},
   DOI = {10.1039/d0lc00373e},
   url = {https://www.ncbi.nlm.nih.gov/pubmed/32490853,https://pubs.rsc.org/en/content/articlepdf/2020/lc/d0lc00373e},
   year = {2020},
   type = {Journal Article}
}

@article{RN95,
   author = {Mei, X. and Lee, H. C. and Diao, K. Y. and Huang, M. and Lin, B. and Liu, C. and Xie, Z. and Ma, Y. and Robson, P. M. and Chung, M. and Bernheim, A. and Mani, V. and Calcagno, C. and Li, K. and Li, S. and Shan, H. and Lv, J. and Zhao, T. and Xia, J. and Long, Q. and Steinberger, S. and Jacobi, A. and Deyer, T. and Luksza, M. and Liu, F. and Little, B. P. and Fayad, Z. A. and Yang, Y.},
   title = {Artificial intelligence-enabled rapid diagnosis of patients with COVID-19},
   journal = {Nat Med},
   volume = {26},
   number = {8},
   pages = {1224-1228},
   ISSN = {1546-170X (Electronic)
1078-8956 (Linking)},
   DOI = {10.1038/s41591-020-0931-3},
   url = {https://www.ncbi.nlm.nih.gov/pubmed/32427924,https://www.nature.com/articles/s41591-020-0931-3.pdf},
   year = {2020},
   type = {Journal Article}
}

@article{RN120,
   author = {Miller, D. D.},
   title = {The medical AI insurgency: what physicians must know about data to practice with intelligent machines},
   journal = {NPJ Digit Med},
   volume = {2},
   pages = {62},
   ISSN = {2398-6352 (Electronic)
2398-6352 (Linking)},
   DOI = {10.1038/s41746-019-0138-5},
   url = {https://www.ncbi.nlm.nih.gov/pubmed/31388566,https://www.ncbi.nlm.nih.gov/pmc/articles/PMC6599029/pdf/41746_2019_Article_138.pdf},
   year = {2019},
   type = {Journal Article}
}

@article{RN146,
   author = {Morris, T. P. and White, I. R. and Royston, P.},
   title = {Tuning multiple imputation by predictive mean matching and local residual draws},
   journal = {BMC Med Res Methodol},
   volume = {14},
   pages = {75},
   ISSN = {1471-2288 (Electronic)
1471-2288 (Linking)},
   DOI = {10.1186/1471-2288-14-75},
   url = {https://www.ncbi.nlm.nih.gov/pubmed/24903709,https://www.ncbi.nlm.nih.gov/pmc/articles/PMC4051964/pdf/1471-2288-14-75.pdf},
   year = {2014},
   type = {Journal Article}
}

@article{RN68,
   author = {MP, McRae and GW, Simmons and NJ, Christodoulides and Z, Lu and SK, Kang and D, Fenyo and T, Alcorn and IP, Dapkins and I, Sharif and D, Vurmaz and SS, Modak and K, Srinivasan and S, Warhadpande and R, Shrivastav and JT, McDevitt},
   title = {Clinical Decision Support Tool and Rapid Point-of-Care Platform for Determining Disease Severity in Patients with COVID-19},
   journal = {medRxiv : the preprint server for health sciences},
   DOI = {10.1101/2020.04.16.20068411},
   url = {https://www.ncbi.nlm.nih.gov/pubmed/32511607,https://www.ncbi.nlm.nih.gov/pmc/articles/PMC7276034/pdf/nihpp-2020.04.16.20068411.pdf},
   year = {2020},
   type = {Journal Article}
}

@article{RN67,
   author = {MP, McRae and IP, Dapkins and I, Sharif and J, Anderson and D, Fenyo and O, Sinokrot and SK, Kang and NJ, Christodoulides and D, Vurmaz and GW, Simmons and TM, Alcorn and MJ, Daoura and S, Gisburne and D, Zar and JT, McDevitt},
   title = {Managing COVID-19 with a Clinical Decision Support Tool in a Community Health Network: Algorithm Development and Validation},
   journal = {Journal of medical Internet research},
   ISSN = {1438-8871},
   DOI = {10.2196/22033},
   url = {https://www.ncbi.nlm.nih.gov/pubmed/32750010},
   year = {2020},
   type = {Journal Article}
}

@article{RN81,
   author = {Murphy, K. and Smits, H. and Knoops, A. J. G. and Korst, Mbjm and Samson, T. and Scholten, E. T. and Schalekamp, S. and Schaefer-Prokop, C. M. and Philipsen, Rhhm and Meijers, A. and Melendez, J. and van Ginneken, B. and Rutten, M.},
   title = {COVID-19 on Chest Radiographs: A Multireader Evaluation of an Artificial Intelligence System},
   journal = {Radiology},
   volume = {296},
   number = {3},
   pages = {E166-E172},
   ISSN = {1527-1315 (Electronic)
0033-8419 (Linking)},
   DOI = {10.1148/radiol.2020201874},
   url = {https://www.ncbi.nlm.nih.gov/pubmed/32384019,https://www.ncbi.nlm.nih.gov/pmc/articles/PMC7437494/pdf/radiol.2020201874.pdf},
   year = {2020},
   type = {Journal Article}
}

@article{RN107,
   author = {Obeid, J. S. and Davis, M. and Turner, M. and Meystre, S. M. and Heider, P. M. and Lenert, L. A.},
   title = {An AI approach to COVID-19 infection risk assessment in virtual visits: a case report},
   journal = {J Am Med Inform Assoc},
   ISSN = {1527-974X (Electronic)
1067-5027 (Linking)},
   DOI = {10.1093/jamia/ocaa105},
   url = {https://www.ncbi.nlm.nih.gov/pubmed/32449766,https://www.ncbi.nlm.nih.gov/pmc/articles/PMC7313981/pdf/ocaa105.pdf},
   year = {2020},
   type = {Journal Article}
}

@article{RN83,
   author = {Oh, Y. and Park, S. and Ye, J. C.},
   title = {Deep Learning COVID-19 Features on CXR Using Limited Training Data Sets},
   journal = {IEEE Trans Med Imaging},
   volume = {39},
   number = {8},
   pages = {2688-2700},
   ISSN = {1558-254X (Electronic)
0278-0062 (Linking)},
   DOI = {10.1109/TMI.2020.2993291},
   url = {https://www.ncbi.nlm.nih.gov/pubmed/32396075,https://ieeexplore.ieee.org/document/9090149/},
   year = {2020},
   type = {Journal Article}
}

@article{RN92,
   author = {Ozturk, T. and Talo, M. and Yildirim, E. A. and Baloglu, U. B. and Yildirim, O. and Rajendra Acharya, U.},
   title = {Automated detection of COVID-19 cases using deep neural networks with X-ray images},
   journal = {Comput Biol Med},
   volume = {121},
   pages = {103792},
   ISSN = {1879-0534 (Electronic)
0010-4825 (Linking)},
   DOI = {10.1016/j.compbiomed.2020.103792},
   url = {https://www.ncbi.nlm.nih.gov/pubmed/32568675,https://www.ncbi.nlm.nih.gov/pmc/articles/PMC7187882/pdf/main.pdf},
   year = {2020},
   type = {Journal Article}
}

@article{RN100,
   author = {Pirouz, Behrouz and Shaffiee Haghshenas, Sina and Shaffiee Haghshenas, Sami and Piro, Patrizia},
   title = {Investigating a Serious Challenge in the Sustainable Development Process: Analysis of Confirmed cases of COVID-19 (New Type of Coronavirus) Through a Binary Classification Using Artificial Intelligence and Regression Analysis},
   journal = {Sustainability},
   volume = {12},
   number = {6},
   ISSN = {2071-1050},
   DOI = {10.3390/su12062427},
   url = {https://res.mdpi.com/d_attachment/sustainability/sustainability-12-02427/article_deploy/sustainability-12-02427.pdf},
   year = {2020},
   type = {Journal Article}
}

@article{RN117,
   author = {Quan, H. and Sundararajan, V. and Halfon, P. and Fong, A. and Burnand, B. and Luthi, J. C. and Saunders, L. D. and Beck, C. A. and Feasby, T. E. and Ghali, W. A.},
   title = {Coding algorithms for defining comorbidities in ICD-9-CM and ICD-10 administrative data},
   journal = {Med Care},
   volume = {43},
   number = {11},
   pages = {1130-9},
   ISSN = {0025-7079 (Print)
0025-7079 (Linking)},
   DOI = {10.1097/01.mlr.0000182534.19832.83},
   url = {https://www.ncbi.nlm.nih.gov/pubmed/16224307},
   year = {2005},
   type = {Journal Article}
}

@article{RN105,
   author = {Raita, Y. and Goto, T. and Faridi, M. K. and Brown, D. F. M. and Camargo, C. A., Jr. and Hasegawa, K.},
   title = {Emergency department triage prediction of clinical outcomes using machine learning models},
   journal = {Crit Care},
   volume = {23},
   number = {1},
   pages = {64},
   ISSN = {1466-609X (Electronic)
1364-8535 (Linking)},
   DOI = {10.1186/s13054-019-2351-7},
   url = {https://www.ncbi.nlm.nih.gov/pubmed/30795786,https://www.ncbi.nlm.nih.gov/pmc/articles/PMC6387562/pdf/13054_2019_Article_2351.pdf},
   year = {2019},
   type = {Journal Article}
}

@book{RN134,
   author = {Roderick Little, Donald Rubin},
   title = {Statistical Analysis with Missing Data, Third Edition},
   series = {Wiley Series in Probability and Statistics},
   pages = {450},
   ISBN = {9780470526798
9781119482260},
   DOI = {10.1002/9781119482260},
   year = {2019},
   type = {Book}
}

@inbook{RN75,
   author = {Shen, Wei and Zhou, Mu and Yang, Feng and Dong, Di and Yang, Caiyun and Zang, Yali and Tian, Jie},
   title = {Learning from Experts: Developing Transferable Deep Features for Patient-Level Lung Cancer Prediction},
   booktitle = {Medical Image Computing and Computer-Assisted Intervention – MICCAI 2016},
   series = {Lecture Notes in Computer Science},
   chapter = {Chapter 15},
   pages = {124-131},
   ISBN = {978-3-319-46722-1
978-3-319-46723-8},
   DOI = {10.1007/978-3-319-46723-8_15},
   url = {https://link.springer.com/chapter/10.1007\%2F978-3-319-46723-8_15},
   year = {2016},
   type = {Book Section}
}

@article{RN56,
   author = {Srinivasa Rao, A. S. R. and Vazquez, J. A.},
   title = {Identification of COVID-19 can be quicker through artificial intelligence framework using a mobile phone-based survey when cities and towns are under quarantine},
   journal = {Infect Control Hosp Epidemiol},
   pages = {1-5},
   ISSN = {1559-6834 (Electronic)
0899-823X (Linking)},
   DOI = {10.1017/ice.2020.61},
   url = {https://www.ncbi.nlm.nih.gov/pubmed/32122430,https://www.cambridge.org/core/services/aop-cambridge-core/content/view/7151059680918EF9B8CDBCC4EF19C292/S0899823X20000616a.pdf/div-class-title-identification-of-covid-19-can-be-quicker-through-artificial-intelligence-framework-using-a-mobile-phone-based-survey-when-cities-and-towns-are-under-quarantine-div.pdf},
   year = {2020},
   type = {Journal Article}
}

@article{RN104,
   author = {Subudhi, S. and Verma, A. and A, B. Patel},
   title = {Prognostic machine learning models for COVID-19 to facilitate decision making},
   journal = {Int J Clin Pract},
   pages = {e13685},
   ISSN = {1742-1241 (Electronic)
1368-5031 (Linking)},
   DOI = {10.1111/ijcp.13685},
   url = {https://www.ncbi.nlm.nih.gov/pubmed/32810316,https://www.ncbi.nlm.nih.gov/pmc/articles/PMC7461008/pdf/IJCP-9999-e13685.pdf},
   year = {2020},
   type = {Journal Article}
}

@article{RN132,
   author = {Sun, Jie and Lang, Jie and Fujita, Hamido and Li, Hui},
   title = {Imbalanced enterprise credit evaluation with DTE-SBD: Decision tree ensemble based on SMOTE and bagging with differentiated sampling rates},
   journal = {Information Sciences},
   volume = {425},
   pages = {76-91},
   ISSN = {00200255},
   DOI = {10.1016/j.ins.2017.10.017},
   url = {https://www.sciencedirect.com/science/article/pii/S0020025517310083?via\%3Dihub},
   year = {2018},
   type = {Journal Article}
}

@article{RN54,
   author = {Tadesse, G. A. and Zhu, T. and Le Nguyen Thanh, N. and Hung, N. T. and Duong, H. T. H. and Khanh, T. H. and Quang, P. V. and Tran, D. D. and Yen, L. M. and Doorn, R. V. and Hao, N. V. and Prince, J. and Javed, H. and Kiyasseh, D. and Tan, L. V. and Thwaites, L. and Clifton, D. A.},
   title = {Severity detection tool for patients with infectious disease},
   journal = {Healthc Technol Lett},
   volume = {7},
   number = {2},
   pages = {45-50},
   ISSN = {2053-3713 (Print)
2053-3713 (Linking)},
   DOI = {10.1049/htl.2019.0030},
   url = {https://www.ncbi.nlm.nih.gov/pubmed/32431851,https://www.ncbi.nlm.nih.gov/pmc/articles/PMC7199289/pdf/HTL.2019.0030.pdf},
   year = {2020},
   type = {Journal Article}
}

@article{RN79,
   author = {Vaishya, R. and Javaid, M. and Khan, I. H. and Haleem, A.},
   title = {Artificial Intelligence (AI) applications for COVID-19 pandemic},
   journal = {Diabetes Metab Syndr},
   volume = {14},
   number = {4},
   pages = {337-339},
   ISSN = {1878-0334 (Electronic)
1871-4021 (Linking)},
   DOI = {10.1016/j.dsx.2020.04.012},
   url = {https://www.ncbi.nlm.nih.gov/pubmed/32305024,https://www.ncbi.nlm.nih.gov/pmc/articles/PMC7195043/pdf/main.pdf},
   year = {2020},
   type = {Journal Article}
}

@article{RN77,
   author = {Vinod, D. N. and Prabaharan, S. R. S.},
   title = {Data science and the role of Artificial Intelligence in achieving the fast diagnosis of Covid-19},
   journal = {Chaos Solitons Fractals},
   volume = {140},
   pages = {110182},
   ISSN = {0960-0779 (Print)
0960-0779 (Linking)},
   DOI = {10.1016/j.chaos.2020.110182},
   url = {https://www.ncbi.nlm.nih.gov/pubmed/32834658,https://www.ncbi.nlm.nih.gov/pmc/articles/PMC7392156/pdf/main.pdf},
   year = {2020},
   type = {Journal Article}
}

@article{RN123,
   author = {Walczak, Andrzej and Paczkowski, Michał},
   title = {Medical data preprocessing for increased selectivity of diagnosis},
   journal = {Bio-Algorithms and Med-Systems},
   volume = {12},
   number = {1},
   ISSN = {1896-530X
1895-9091},
   DOI = {10.1515/bams-2015-0041},
   url = {https://www.degruyter.com/view/journals/bams/12/1/article-p39.xml},
   year = {2016},
   type = {Journal Article}
}

@article{RN97,
   author = {Wang, Y. and Chen, Y. and Wei, Y. and Li, M. and Zhang, Y. and Zhang, N. and Zhao, S. and Zeng, H. and Deng, W. and Huang, Z. and Ye, Z. and Wan, S. and Song, B.},
   title = {Quantitative analysis of chest CT imaging findings with the risk of ARDS in COVID-19 patients: a preliminary study},
   journal = {Ann Transl Med},
   volume = {8},
   number = {9},
   pages = {594},
   ISSN = {2305-5839 (Print)
2305-5839 (Linking)},
   DOI = {10.21037/atm-20-3554},
   url = {https://www.ncbi.nlm.nih.gov/pubmed/32566621,https://www.ncbi.nlm.nih.gov/pmc/articles/PMC7290545/pdf/atm-08-09-594.pdf},
   year = {2020},
   type = {Journal Article}
}

@article{RN73,
   author = {Warman, A. and Warman, P. and Sharma, A. and Parikh, P. and Warman, R. and Viswanadhan, N. and Chen, L. and Mohapatra, S. and Mohapatra, S. and Sapiro, G.},
   title = {Interpretable Artificial Intelligence for COVID-19 Diagnosis from Chest CT Reveals Specificity of Ground-Glass Opacities},
   journal = {medRxiv},
   DOI = {10.1101/2020.05.16.20103408},
   url = {https://www.ncbi.nlm.nih.gov/pubmed/32511545,https://www.medrxiv.org/content/medrxiv/early/2020/05/22/2020.05.16.20103408.full.pdf},
   year = {2020},
   type = {Journal Article}
}

@article{RN142,
   author = {White, I. R. and Royston, P. and Wood, A. M.},
   title = {Multiple imputation using chained equations: Issues and guidance for practice},
   journal = {Stat Med},
   volume = {30},
   number = {4},
   pages = {377-99},
   ISSN = {1097-0258 (Electronic)
0277-6715 (Linking)},
   DOI = {10.1002/sim.4067},
   url = {https://www.ncbi.nlm.nih.gov/pubmed/21225900,https://onlinelibrary.wiley.com/doi/abs/10.1002/sim.4067},
   year = {2011},
   type = {Journal Article}
}

@article{RN131,
   author = {Wollenstein-Betech, S. and Cassandras, C. G. and Paschalidis, I. C.},
   title = {Personalized Predictive Models for Symptomatic COVID-19 Patients Using Basic Preconditions: Hospitalizations, Mortality, and the Need for an ICU or Ventilator},
   journal = {medRxiv},
   DOI = {10.1101/2020.05.03.20089813},
   url = {https://www.ncbi.nlm.nih.gov/pubmed/32511489,https://www.ncbi.nlm.nih.gov/pmc/articles/PMC7273257/pdf/nihpp-2020.05.03.20089813.pdf},
   year = {2020},
   type = {Journal Article}
}

@article{RN63,
   author = {Wu, G. and Yang, P. and Xie, Y. and Woodruff, H. C. and Rao, X. and Guiot, J. and Frix, A. N. and Louis, R. and Moutschen, M. and Li, J. and Li, J. and Yan, C. and Du, D. and Zhao, S. and Ding, Y. and Liu, B. and Sun, W. and Albarello, F. and D'Abramo, A. and Schinina, V. and Nicastri, E. and Occhipinti, M. and Barisione, G. and Barisione, E. and Halilaj, I. and Lovinfosse, P. and Wang, X. and Wu, J. and Lambin, P.},
   title = {Development of a clinical decision support system for severity risk prediction and triage of COVID-19 patients at hospital admission: an international multicentre study},
   journal = {Eur Respir J},
   volume = {56},
   number = {2},
   ISSN = {1399-3003 (Electronic)
0903-1936 (Linking)},
   DOI = {10.1183/13993003.01104-2020},
   url = {https://www.ncbi.nlm.nih.gov/pubmed/32616597,https://www.ncbi.nlm.nih.gov/pmc/articles/PMC7331655/pdf/ERJ-01104-2020.pdf},
   year = {2020},
   type = {Journal Article}
}

@article{RN58,
   author = {Ye, J.},
   title = {The Role of Health Technology and Informatics in a Global Public Health Emergency: Practices and Implications From the COVID-19 Pandemic},
   journal = {JMIR Med Inform},
   volume = {8},
   number = {7},
   pages = {e19866},
   ISSN = {2291-9694 (Print)},
   DOI = {10.2196/19866},
   url = {https://www.ncbi.nlm.nih.gov/pubmed/32568725},
   year = {2020},
   type = {Journal Article}
}

@article{RN72,
   author = {Yoo, S. H. and Geng, H. and Chiu, T. L. and Yu, S. K. and Cho, D. C. and Heo, J. and Choi, M. S. and Choi, I. H. and Cung Van, C. and Nhung, N. V. and Min, B. J. and Lee, H.},
   title = {Deep Learning-Based Decision-Tree Classifier for COVID-19 Diagnosis From Chest X-ray Imaging},
   journal = {Front Med (Lausanne)},
   volume = {7},
   pages = {427},
   ISSN = {2296-858X (Print)
2296-858X (Linking)},
   DOI = {10.3389/fmed.2020.00427},
   url = {https://www.ncbi.nlm.nih.gov/pubmed/32760732,https://www.ncbi.nlm.nih.gov/pmc/articles/PMC7371960/pdf/fmed-07-00427.pdf},
   year = {2020},
   type = {Journal Article}
}

@article{RN74,
   author = {Yu, Z. and Li, X. and Sun, H. and Wang, J. and Zhao, T. and Chen, H. and Ma, Y. and Zhu, S. and Xie, Z.},
   title = {Rapid identification of COVID-19 severity in CT scans through classification of deep features},
   journal = {Biomed Eng Online},
   volume = {19},
   number = {1},
   pages = {63},
   ISSN = {1475-925X (Electronic)
1475-925X (Linking)},
   DOI = {10.1186/s12938-020-00807-x},
   url = {https://www.ncbi.nlm.nih.gov/pubmed/32787937,https://www.ncbi.nlm.nih.gov/pmc/articles/PMC7422684/pdf/12938_2020_Article_807.pdf},
   year = {2020},
   type = {Journal Article}
}

@article{RN130,
   author = {Zhao, Z. and Chen, A. and Hou, W. and Graham, J. M. and Li, H. and Richman, P. S. and Thode, H. C. and Singer, A. J. and Duong, T. Q.},
   title = {Prediction model and risk scores of ICU admission and mortality in COVID-19},
   journal = {PLoS One},
   volume = {15},
   number = {7},
   pages = {e0236618},
   ISSN = {1932-6203 (Electronic)
1932-6203 (Linking)},
   DOI = {10.1371/journal.pone.0236618},
   url = {https://www.ncbi.nlm.nih.gov/pubmed/32730358,https://www.ncbi.nlm.nih.gov/pmc/articles/PMC7392248/pdf/pone.0236618.pdf},
   year = {2020},
   type = {Journal Article}
}

@article{RN71,
   author = {Zheng, Yichao and Zhu, Yinheng and Ji, Mengqi and Wang, Rongpin and Liu, Xinfeng and Zhang, Mudan and Qin, Choo Hui and Fang, Lu and Ma, Shaohua},
   title = {A Learning-based Model to Evaluate Hospitalization Priority in COVID-19 Pandemics},
   journal = {Patterns},
   ISSN = {26663899},
   DOI = {10.1016/j.patter.2020.100092},
   year = {2020},
   type = {Journal Article}
}

@article{RN52,
   author = {Zhu, J. and Shen, B. and Abbasi, A. and Hoshmand-Kochi, M. and Li, H. and Duong, T. Q.},
   title = {Deep transfer learning artificial intelligence accurately stages COVID-19 lung disease severity on portable chest radiographs},
   journal = {PLoS One},
   volume = {15},
   number = {7},
   pages = {e0236621},
   ISSN = {1932-6203 (Electronic)
1932-6203 (Linking)},
   DOI = {10.1371/journal.pone.0236621},
   url = {https://www.ncbi.nlm.nih.gov/pubmed/32722697,https://www.ncbi.nlm.nih.gov/pmc/articles/PMC7386587/pdf/pone.0236621.pdf},
   year = {2020},
   type = {Journal Article}
}

@article{RN108,
   author = {Zhu, J. S. and Ge, P. and Jiang, C. and Zhang, Y. and Li, X. and Zhao, Z. and Zhang, L. and Duong, T. Q.},
   title = {Deep-learning artificial intelligence analysis of clinical variables predicts mortality in COVID-19 patients},
   journal = {J Am Coll Emerg Physicians Open},
   ISSN = {2688-1152 (Electronic)
2688-1152 (Linking)},
   DOI = {10.1002/emp2.12205},
   url = {https://www.ncbi.nlm.nih.gov/pubmed/32838390,https://www.ncbi.nlm.nih.gov/pmc/articles/PMC7405082/pdf/EMP2-9999-na.pdf},
   year = {2020},
   type = {Journal Article}
}

@misc{jaecklin_2020, title={SARS-CoV-2-Tests auf das Notwendige fokussieren. Personal, Geräte und Material sind knappe Ressourcen. Labore arbeiten am Anschlag der Belastung. ' ALM - Akkreditierte Labore in der Medizin e.V.}, url={https://www.alm-ev.de/sars-cov-2-tests-auf-das-notwendige-fokussieren-personal-geraete-und-material-sind-knappe-ressourcen-labore-arbeiten-am-anschlag-der-belastung/}, journal={ALM Akkreditierte Labore in der Medizin eV}, publisher={Akkreditierte Labore in der Medizin eV}, author={Jaecklin, Patricia}, year={2020}, month={10},urldate = {2020-11-12},} 

@misc{asm.org_2020, title={Supply Shortages Impacting COVID-19 and Non-COVID Testing}, url={https://asm.org/Articles/2020/September/Clinical-Microbiology-Supply-Shortage-Collecti-1}, journal={ASM.org}, publisher={American Society for Microbiology}, year={2020}, month={11},urldate = {2020-11-12},} 
@article{scikit-learn,
 title={Scikit-learn: Machine Learning in {P}ython},
 author={Pedregosa, F. and Varoquaux, G. and Gramfort, A. and Michel, V.
         and Thirion, B. and Grisel, O. and Blondel, M. and Prettenhofer, P.
         and Weiss, R. and Dubourg, V. and Vanderplas, J. and Passos, A. and
         Cournapeau, D. and Brucher, M. and Perrot, M. and Duchesnay, E.},
 journal={Journal of Machine Learning Research},
 volume={12},
 pages={2825--2830},
 year={2011}
}